<record><leader>00000cas a22000007a 4500</leader><controlfield tag="001">28402897</controlfield><controlfield tag="008">930709d19741982cauwr n       0   a0eng d</controlfield><datafield ind1=" " ind2=" " tag="010"><subfield code="a">sn 95062337 </subfield></datafield><datafield ind1=" " ind2=" " tag="040"><subfield code="a">JTH</subfield><subfield code="b">eng</subfield><subfield code="c">JTH</subfield><subfield code="d">CNK</subfield><subfield code="d">OCLCQ</subfield><subfield code="d">OCLCF</subfield><subfield code="d">OCLCO</subfield></datafield><datafield ind1="1" ind2=" " tag="029"><subfield code="a">AU@</subfield><subfield code="b">000025877923</subfield></datafield><datafield ind1=" " ind2=" " tag="042"><subfield code="a">msc</subfield></datafield><datafield ind1="0" ind2="4" tag="245"><subfield code="a">The Sonoma County stump.</subfield></datafield><datafield ind1=" " ind2=" " tag="260"><subfield code="a">Guernewood Park [Monte Rio], Calif.:</subfield><subfield code="b">Sonoma County Stump,</subfield><subfield code="c">1974-1982</subfield></datafield><datafield ind1=" " ind2=" " tag="300"><subfield code="a">v.</subfield></datafield><datafield ind1=" " ind2=" " tag="310"><subfield code="a">Weekly,</subfield><subfield code="b">1980-</subfield></datafield><datafield ind1=" " ind2=" " tag="321"><subfield code="a">Weekly,</subfield><subfield code="b">Jan. 1974</subfield></datafield><datafield ind1=" " ind2=" " tag="321"><subfield code="a">Semiweekly,</subfield><subfield code="b">Feb. 1974-1979</subfield></datafield><datafield ind1="0" ind2=" " tag="362"><subfield code="a">Vol. 3, issue 27 (Sept. 13-19, 1974)-v. 10, issue 25 (Dec. 31, 1981/Jan. 7, 1982).</subfield></datafield><datafield ind1=" " ind2=" " tag="500"><subfield code="a">Published in: Monte Rio, 1974; Forestville, 1975-1978; Sebastopol, 1978-1980; Forestville, 1980-1982.</subfield></datafield><datafield ind1=" " ind2="0" tag="651"><subfield code="a">Sonoma County (Calif.)</subfield><subfield code="v">Newspapers.</subfield></datafield><datafield ind1=" " ind2="7" tag="655"><subfield code="a">Newspapers.</subfield><subfield code="2">fast</subfield><subfield code="0">(OCoLC)fst01423814</subfield></datafield><datafield ind1=" " ind2="7" tag="651"><subfield code="a">California</subfield><subfield code="z">Sonoma County.</subfield><subfield code="2">fast</subfield><subfield code="0">(OCoLC)fst01213638</subfield></datafield><datafield ind1=" " ind2=" " tag="752"><subfield code="a">United States</subfield><subfield code="b">California</subfield><subfield code="c">Sonoma</subfield><subfield code="d">Forestville.</subfield></datafield><datafield ind1=" " ind2=" " tag="752"><subfield code="a">United States</subfield><subfield code="b">California</subfield><subfield code="c">Sonoma</subfield><subfield code="d">Sebastopol.</subfield></datafield><datafield ind1=" " ind2=" " tag="752"><subfield code="a">United States</subfield><subfield code="b">California</subfield><subfield code="c">Sonoma</subfield><subfield code="d">Monte Rio.</subfield></datafield><datafield ind1="0" ind2="0" tag="780"><subfield code="t">Russian River stump</subfield><subfield code="w">(DLC)sn 95062326</subfield></datafield></record>